<?xml version="1.0" encoding="UTF-8"?><record xmlns="http://www.loc.gov/MARC21/slim" xmlns:cinclude="http://apache.org/cocoon/include/1.0" xmlns:zs="http://www.loc.gov/zing/srw/">
  <leader>00599nz  a2200157n  4500</leader>
  <controlfield tag="001">no2008073813</controlfield>
  <controlfield tag="003">DLC</controlfield>
  <controlfield tag="005">20080518075018.0</controlfield>
  <controlfield tag="008">080516n| acannaabn          |a aaa     c</controlfield>
  <datafield tag="010" ind1=" " ind2=" ">
    <subfield code="a">no2008073813</subfield>
  </datafield>
  <datafield tag="035" ind1=" " ind2=" ">
    <subfield code="a">(OCoLC)oca07770295</subfield>
  </datafield>
  <datafield tag="040" ind1=" " ind2=" ">
    <subfield code="a">WaU</subfield>
    <subfield code="b">eng</subfield>
    <subfield code="c">WaU</subfield>
  </datafield>
  <datafield tag="100" ind1="1" ind2=" ">
    <subfield code="a">Hampson, Chester C.,</subfield>
    <subfield code="d">1895-</subfield>
  </datafield>
  <datafield tag="400" ind1="1" ind2=" ">
    <subfield code="a">Hampson, C. C.</subfield>
    <subfield code="q">(Chester C.),</subfield>
    <subfield code="d">1895-</subfield>
  </datafield>
  <datafield tag="670" ind1=" " ind2=" ">
    <subfield code="a">A study of the market for products of the proposed Columbia Basin Project, 1928:</subfield>
    <subfield code="b">t.p. (Chester C. Hampson)</subfield>
  </datafield>
  <datafield tag="670" ind1=" " ind2=" ">
    <subfield code="a">OCLC, May 16, 2008</subfield>
    <subfield code="b">(hdgs.: Hampson, Chester C., 1895- ; Hampson, Chester C.; usage: Chester C. Hampson; C.C. Hampson)</subfield>
  </datafield>
</record>